<?xml version="1.0" encoding="UTF-8"?><collection xmlns="http://www.loc.gov/MARC21/slim"><record><leader>00658nam--2200193-i-4500</leader><controlfield tag="001">000028003</controlfield><controlfield tag="002">20161230</controlfield><controlfield tag="005">20161230201037</controlfield><controlfield tag="008">060222s1000------------r-----000-0-eng-d</controlfield><datafield ind1=" " ind2=" " tag="040"><subfield code="a">IFIN-HH</subfield></datafield><datafield ind1=" " ind2=" " tag="080"><subfield code="a">539.126(042.3)</subfield></datafield><datafield ind1="1" ind2=" " tag="100"><subfield code="a">Krupa, D</subfield></datafield><datafield ind1="1" ind2="0" tag="245"><subfield code="a">Hadron interactions at low energies</subfield><subfield code="b">Physics and applications volume 1 proceedings of the triangle meeting, november 5-7, 1973</subfield><subfield code="c">D. krupa, j. pisut (eds.)</subfield></datafield><datafield ind1=" " ind2=" " tag="260"><subfield code="a">Bratislava</subfield><subfield code="b">Veda Publishing House Of The Slovak Academy Of Sciences</subfield><subfield code="c">1975</subfield></datafield><datafield ind1=" " ind2=" " tag="300"><subfield code="a">437P</subfield></datafield><datafield ind1=" " ind2=" " tag="490"><subfield code="a">Physics And Applications</subfield><subfield code="v">Volume 1</subfield></datafield><datafield ind1="1" ind2=" " tag="700"><subfield code="a">Pisut, J</subfield><subfield code="e">Ed</subfield></datafield><datafield ind1=" " ind2=" " tag="852"><subfield code="a">44209</subfield><subfield code="c">539.12</subfield></datafield><datafield ind1=" " ind2=" " tag="CAT"><subfield code="a">Sys</subfield><subfield code="c">20111125</subfield><subfield code="h">112131</subfield></datafield></record></collection>